=LDR  01809 am a22004575i 4500
=001  016363855
=003  Uk
=005  20141126110827.0
=006  m\\\\||\\d\|\\\\\\
=007  cr\|||||||||||
=008  110729s2011\\\\lu\a\\\fo\\\\i000\0\eng\d
=FMT  \\$a  BK
=020  \\$z9789279184895
=024  7\$a10.2772/57946$2doi
=035  \\$a(LU-LuOPE)vtls000235029
=040  \\$aLU-LuOPE$beng$cLU-LuOPE$dUk$erda
=082  04$a363.1094$223
=245  00$aScientific committees on consumer safety, on emerging and newly identified health risks, on health and environmental risks :$b2010 : opinions.
=264  \1$aLuxembourg :$bPublications Office of the European Union,$c2011.
=300  \\$a1 online resource.
=336  \\$atext$2rdacontent
=337  \\$acomputer$2rdamedia
=338  \\$aonline resource$2rdacarrier
=520  \\$aThis CD-Rom contains the scientific opinions adopted in 2010 by SCCS, SCHER and SCENIHR.
=650  \7$aEC scientific committee.$2EUROVOC
=650  \7$apublic health.$2EUROVOC
=650  \7$aconsumer protection.$2EUROVOC
=650  \7$aenvironmental protection.$2EUROVOC
=650  \7$ahealth risk.$2EUROVOC
=650  \7$aenvironmental policy.$2EUROVOC
=710  2\$aEuropean Commission.$bDirectorate-General for Health and Consumers.
=856  40$uhttp://dx.publications.europa.eu/10.2772/57946$yEuropean Union document
=856  40$uhttp://bookshop.europa.eu/uri?target=EUB:NOTICE:NDAI11001:EN:HTML$yEuropean Union document
=859  \\$aXLD$bEU Bookshop
=852  41$aBritish Library$bHMNTS$jEU 363.1094
=CAT  \\$aBATCH-EUB$b00$c20130509$lBLL01$h1803
=CAT  \\$aWR13.117$c20130719$lBLL01$h1706
=CAT  \\$a9671$b40$c20141126$lBLL01$h1108
=CAT  \\$aW1606-1753$c20171028$lBLL01$h1347
=SRC  \\$aOPOCE
=LAS  \\$aW1606-1753$b00$c20171028$lBLL01$h1347

