=LDR  03171 gm a22005895i 4500
=001  016366442
=003  Uk
=005  20150717074556.0
=006  m\\\\||\\d\|\\\\\\
=007  cr\|||||||||||
=008  121004s2012\\\\lu\067\j\\\\\is\\\mlmul\\
=FMT  \\$a  VM
=020  \\$a9789282337257
=024  7\$a10.2861/77439$2doi
=035  \\$a(LU-LuOPE)vtls000257526
=040  \\$aLU-LuOPE$beng$cLU-LuOPE$dUk$erda
=041  1\$aeng$abul$acze$adan$ager$agre$aspa$aest$afin$afre$ahun$aita$alit$alav$amlt$adut$apol$apor$arum$aslo$aslv$aswe
=082  04$a337.142$223
=245  00$aDiscover the European Union with EuroparlTV
=264  \1$aLuxembourg :$bPublications Office of the European Union,$c2012.
=300  \\$a2 videodiscs (PAL, 68 min.) :$bDVD video, sound, color ;$c4 3/4 in. +$e1 booklet (27 pages : color illustrations ; 18 cm) + 1 sheet.
=336  \\$atwo-dimensional moving image$2rdacontent
=337  \\$acomputer$2rdamedia
=338  \\$aonline resource$2rdacarrier
=500  \\$aSubtitles and voice over in 22 official EU languages. 2 DVDs, respective durations 31 minutes and 36 minutes.
=520  \\$aDVD 1 (for pupils aged 11-15 years) provides an informative introduction to key elements of the European Union and various issues of particular interest to young people; DVD II (for pupils aged 15-18 years) provides more in-depth analysis and a historical outline of the main stages of European integration and the development of European policies.--Letter of transmittal
=520  \\$aEuroparlTV is the web television channel of the European Parliament. This DVD package aims to broaden the understanding of the European Union amongst students in a fun and interesting way.
=540  \\$aAll rights reserved ;$bEuropean Union.
=540  \\$aAll rights reserved ;$bEuropean Union$3photos.
=546  \\$aLanguage versions of each film clip in English, Bulgarian, Czech, Danish, German, Greek, Spanish, Estonian, Finnish, French, Hungarian, Italian, Lithuanian, Latvian, Maltese, Dutch, Polish, Portuguese, Romanian, Slovak, Slovenian, and Swedish.
=650  \7$ateaching method.$2EUROVOC.
=650  \7$apromotion of the European idea.$2EUROVOC.
=650  \7$ahistory of Europe.$2EUROVOC.
=650  \7$adissemination of Community information.$2EUROVOC.
=650  \7$aEC interinstitutional relations.$2EUROVOC.
=690  7\$aManagement and Business Studies$2blcoll
=710  2\$aEuropean Parliament.
=856  40$uhttp://dx.publications.europa.eu/10.2861/77439$yEuropean Union document
=856  40$uhttp://bookshop.europa.eu/uri?target=EUB:NOTICE:BD3212153:1X:HTML$yEuropean Union document
=859  \\$aXLD$bEU Bookshop
=852  41$aBritish Library$bHMNTS$jSPR.CD.1195
=CAT  \\$aBATCH-EUB$b00$c20130509$lBLL01$h1803
=CAT  \\$aWR13.117$c20130719$lBLL01$h1707
=CAT  \\$a3563$b40$c20141215$lBLL01$h1431
=CAT  \\$a3563$b40$c20141215$lBLL01$h1432
=CAT  \\$a9671$b40$c20150717$lBLL01$h0745
=CAT  \\$aBATCH-MBS$c20150724$lBLL01$h2116
=CAT  \\$aW1606-1753$c20171028$lBLL01$h1348
=FIN  \\$aY$d20150717
=SID  \\$aZ39$bOCLC
=SRC  \\$aOPOCE
=LAS  \\$aW1606-1753$b00$c20171028$lBLL01$h1348

