=LDR  02613cam a22004455i 4500
=001  016366749
=003  Uk
=005  20120827200700.0
=006  m\\\\||\\d\|\\\\\\
=007  cr\|||||||||||
=008  120824s2011\\\\lu\a\\\fo\\\\i000\0\eng\d
=FMT  \\$a  BK
=020  \\$z9789279157585
=024  7\$a10.2777/50297$2doi
=035  \\$a(LU-LuOPE)vtls000255414
=040  \\$aLU-LuOPE$beng$cLU-LuOPE$dUk$erda
=245  00$aNEST$bnew and emerging science and technology : NEST, what's next?
=264  \1$aLuxembourg :$bPublications Office of the European Union,$c2011.
=300  \\$a1 online resource.
=336  \\$atext$2rdacontent
=337  \\$acomputer$2rdamedia
=338  \\$aonline resource$2rdacarrier
=520  \\$aThe NEST (New and Emerging Science and Technology) initiative was a pilot activity in the Sixth Framework Programme FP6. It has been specifically designed to support unconventional and visionary research with the potential to open new fields for European science and technology, as well as research on potential problems uncovered by science. NEST was designed to be flexible and interdisciplinary research was encouraged. There were no restrictions on the scientific fields to be addressed except that the research carried out under NEST should cut across or lie outside the thematic priority areas. This CD contains factsheets and experiences from 27 NEST projects, which participated in a survey.
=540  \\$aAll rights reserved ;$bShutterstock$3photos.
=540  \\$aDownloading and reproduction authorised according to the terms stated on the Directive 2003/98/EC of the European Parliament and of the Council of 17 November 2003 on the re-use of public sector information and the Commission Decision of 7 April 2006 on the re-use of Commission information ;$bEuropean Union.
=650  \7$aCommunity research policy.$2EUROVOC
=650  \7$aresearch project.$2EUROVOC
=650  \7$anew technology.$2EUROVOC
=650  \7$ascientific research.$2EUROVOC
=650  \7$aCommunity programme.$2EUROVOC
=710  2\$aEuropean Commission.$bDirectorate-General for Research and Innovation.
=856  40$uhttp://bookshop.europa.eu/uri?target=EUB:NOTICE:KI3110418:EN:HTML$yEuropean Union document
=856  40$uhttp://dx.publications.europa.eu/10.2777/50297$yEuropean Union document
=859  \\$aXLD$bEU Bookshop
=852  41$aBritish Library$bHMNTS$jSPR.CD.1216
=CAT  \\$aBATCH-EUB$b00$c20130509$lBLL01$h1803
=CAT  \\$aWR13.117$c20130719$lBLL01$h1707
=CAT  \\$aW1606-1753$c20171028$lBLL01$h1348
=SRC  \\$aOPOCE
=LAS  \\$aW1606-1753$b00$c20171028$lBLL01$h1348

