=LDR  01142 am a22003375i 4500
=001  016369311
=003  Uk
=005  20110927213400.0
=006  m\\\\||\\d\|\\\\\\
=007  cr\|||||||||||
=008  030527s2002\\\\lu\a\\\fo\\\\i000\0\eng\d
=FMT  \\$a  BK
=020  \\$z9289443782
=035  \\$a(LU-LuOPE)vtls000212942
=040  \\$aLU-LuOPE$beng$cLU-LuOPE$dUk$erda
=245  00$aDialogue between cultures and civilisations in the Barcelona Process.
=264  \1$aLuxembourg :$bPublications Office of the European Union,$c2002.
=300  \\$a1 online resource.
=336  \\$atext$2rdacontent
=337  \\$acomputer$2rdamedia
=338  \\$aonline resource$2rdacarrier
=540  \\$aAll rights reserved.
=710  2\$aEuropean Commission.
=856  40$uhttp://bookshop.europa.eu/uri?target=EUB:NOTICE:KQ4602428:EN:HTML$yEuropean Union document
=859  \\$aXLD$bEU Bookshop
=852  41$aBritish Library$bDSC$jm03/25641
=CAT  \\$aBATCH-EUB$b00$c20130509$lBLL01$h1804
=CAT  \\$aWR13.117$c20130719$lBLL01$h1708
=CAT  \\$aW1606-1753$c20171028$lBLL01$h1349
=SRC  \\$aOPOCE
=LAS  \\$aW1606-1753$b00$c20171028$lBLL01$h1349

