=LDR  02483 am a22004935i 4500
=001  016561550
=003  Uk
=005  20140128161535.0
=006  m\\\\||\\d\|\\\\\\
=007  cr\|||||||||||
=008  131114s2013\\\\lu\da\\go\\\\i000\0\eng\d
=FMT  \\$a  BK
=020  \\$z9789289711333
=024  7\$a10.2806/47268$2doi
=035  \\$a(LU-LuOPE)vtls000285051
=040  \\$aLU-LuOPE$beng$cLU-LuOPE$dUk$erda
=245  00$aPolitical trust and civic engagement during the crisis :$b3rd EQLS policy brief.
=264  \1$aLuxembourg :$bPublications Office of the European Union,$c2013.
=300  \\$a1 online resource.
=336  \\$atext$2rdacontent
=337  \\$acomputer$2rdamedia
=338  \\$aonline resource$2rdacarrier
=490  0\$aFoundation findings,$x1830-8805
=504  \\$aBibl. : p. 17-18.
=520  \\$aThis policy brief highlights findings on a specific topic from Eurofound's European quality of life survey (EQLS) that is of particular interest from a policy perspective. It brings together results from the analysis of EQLS data and evidence from other sources to formulate a number of policy pointers. The focus of this policy brief is findings on trust in national and European political institutions and on civic engagement during the economic crisis.
=540  \\$aFor rights of translation or reproduction, applications should be made to the Director, European Foundation for the Improvement of Living and Working Conditions, Wyattville Road, Loughlinstown, Dublin 18, Ireland ;$bEuropean Foundation for the Improvement of Living and Working Conditions.
=650  \7$asocial survey.$2EUROVOC
=650  \7$aliving conditions.$2EUROVOC
=650  \7$asocial well-being.$2EUROVOC
=650  \7$aquality of life.$2EUROVOC
=650  \7$aeconomic recession.$2EUROVOC
=650  \7$apublic policy.$2EUROVOC
=700  1\$aAhrendt, Daphne.
=700  1\$aLeončikas, Tadas.
=710  2\$aEuropean Foundation for the Improvement of Living and Working Conditions.
=856  40$uhttp://bookshop.europa.eu/uri?target=EUB:NOTICE:TJFF13013:EN:HTML$yEuropean Union document
=856  40$uhttp://dx.publications.europa.eu/10.2806/47268$yEuropean Union document
=859  \\$aXLD$bEU Bookshop
=852  41$aBritish Library$bDSC$jm14/.11008
=CAT  \\$aBATCH-EUB$b00$c20131206$lBLL01$h1700
=CAT  \\$a11249$b40$c20140128$lBLL01$h1615
=CAT  \\$aW1606-1753$c20171028$lBLL01$h1352
=SRC  \\$aOPOCE
=LAS  \\$aW1606-1753$b00$c20171028$lBLL01$h1352

