=LDR  02469 am a22004695i 4500
=001  017190975
=003  Uk
=005  20150430103600.0
=006  m\\\\||\\d\|\\\\\\
=007  cr\|||||||||||
=008  150429s2014\\\\lu\da\\go\\\\i000\0\eng\d
=FMT  \\$a  BK
=020  \\$z9789279385759
=022  \\$a2363-1295
=024  7\$a10.2766/76274$2doi
=035  \\$a(LU-LuOPE)vtls000323915
=040  \\$aLU-LuOPE$beng$cLU-LuOPE$dUk$erda
=245  00$aErasmus :$bfacts, figures & trends : the European Union support for student and staff exchanges and university cooperation in 2012-2013.
=264  \1$aLuxembourg :$bPublications Office of the European Union,$c2014.
=300  \\$a1 online resource.
=336  \\$atext$2rdacontent
=337  \\$acomputer$2rdamedia
=338  \\$aonline resource$2rdacarrier
=490  0\$aErasmus, facts, figures & trends,$x2363-1295 ;$v2012-2013
=520  \\$aThis brochure looks at the ongoing Erasmus story during the academic year 2012-13, an exceptional year marked by a key milestone: the 3 millionth student went abroad with Erasmus this year, and the number of mobile academic and administrative staff broke the 350 000 barrier. The brochure also presents the many joint projects, summer schools and network activities which are changing the ways in which higher education is delivered in Europe. And for the first time, the Erasmus results are presented in this brochure alongside those from three other EU-funded programmes in the field of higher education: Tempus, Jean Monnet and Erasmus Mundus.
=540  \\$aReproduction is authorised provided the source is acknowledged ;$bEuropean Union.
=650  \7$aeducational exchange.$2EUROVOC
=650  \7$ahigher education.$2EUROVOC
=650  \7$ayouth exchange scheme.$2EUROVOC
=650  \7$astudent mobility.$2EUROVOC
=650  \7$aEU programme.$2EUROVOC
=650  \7$aeducation grant.$2EUROVOC
=650  \7$aeducation statistics.$2EUROVOC
=710  2\$aEuropean Commission.$bDirectorate-General for Education and Culture.
=856  40$uhttp://bookshop.europa.eu/uri?target=EUB:NOTICE:NCAK14001:EN:HTML$yEuropean Union document
=856  40$uhttp://dx.publications.europa.eu/10.2766/76274$yEuropean Union document
=859  \\$aXLD$bEU Bookshop
=852  41$aBritish Library$bDSC$jm17/.10390
=CAT  \\$aBATCH-EUB$b00$c20150508$lBLL01$h1700
=CAT  \\$aW1606-1753$c20171028$lBLL01$h1605
=SRC  \\$aOPOCE
=LAS  \\$aW1606-1753$b00$c20171028$lBLL01$h1605

